
@article{kavan2008geometric,
  title={Geometric skinning with approximate dual quaternion blending},
  author={Kavan, Ladislav and Collins, Steven and {\v{Z}}{\'a}ra, Ji{\v{r}}{\'\i} and O'Sullivan, Carol},
  journal={ACM Transactions on Graphics (TOG)},
  volume={27},
  number={4},
  pages={1--23},
  year={2008},
  publisher={ACM New York, NY, USA}
}

@inproceedings{nesme2009preserving,
  title={Preserving topology and elasticity for embedded deformable models},
  author={Nesme, Matthieu and Kry, Paul G and Je{\v{r}}{\'a}bkov{\'a}, Lenka and Faure, Fran{\c{c}}ois},
  booktitle={ACM Transactions on Graphics (TOG)},
  volume={28},
  number={3},
  pages={52},
  year={2009},
  organization={ACM}
}

@inproceedings{stavness2014unified,
  title={Unified skinning of rigid and deformable models for anatomical simulati
on
s},
  author={Stavness, Ian and S{\'a}nchez, C Antonio and Lloyd, John and Ho, Andre
w and Wang, Johnty and Fels, Sidney and Huang, Danny},
  booktitle={SIGGRAPH Asia 2014 Technical Briefs},
  pages={9},
  year={2014},
  organization={ACM}
}

@incollection{lloyd2012artisynth,
  title={ArtiSynth: A fast interactive biomechanical modeling toolkit combining multibody and finite element simulation},
  author={Lloyd, John E and Stavness, Ian and Fels, Sidney},
  booktitle={Soft tissue biomechanical modeling for computer assisted surgery},
  pages={355--394},
  year={2012},
  publisher={Springer}
}

@article{AnitescuPotra2002,
	Author = {Mihai Anitescu and Florian A. Potra},
	Date-Added = {2010-01-20 09:59:49 -0800},
	Date-Modified = {2010-07-15 16:37:02 -0700},
	Journal = {International Journal for Numerical Methods in Engineering},
	Number = 7,
	Pages = {753--784},
	Title = {A Time-Stepping Method for Stiff Multibody Dynamics with Contact and Friction},
	Volume = 55,
	Year = 2002}

@article{PotraEtAlTrapezoidal2006,
	Author = {Florian A. Potra and Mihai Anitescu and Bogdan Gavrea and Jeff Trinkle},
	Date-Added = {2010-01-20 09:59:49 -0800},
	Date-Modified = {2010-07-15 16:38:43 -0700},
	Journal = {International Journal for Numerical Methods in Engineering},
	Number = {7},
	Pages = {1079--1124},
	Title = {A linearly implicit trapezoidal method for integrating stiff multibody dynamics with contact, joints, and friction},
	Volume = {66},
	Year = {2006}}

@phdthesis{Lacoursiere07,
	Author = {Claude Lacoursi{\`e}re},
	Date-Added = {2010-01-20 09:59:49 -0800},
	Date-Modified = {2010-02-03 14:45:01 -0800},
	Pages = {444},
	Publisher = {Datavetenskap, Ume{\^A}},
	School = {Computer Science Dept., Umea University, Sweden},
	Series = {Report / UMINF, ISSN 0348-0542; 07.06},
	Title = {Ghosts and machines: regularized variational methods for interactive simulations of multibodies with dry frictional contacts},
	Year = {2007}}

@book{bonet:fem:2000,
	author = "Bonet, J. and Wood, R. D.",
	keywords = "imported",
	publisher = "Cambridge University Press",
	title = "{Nonlinear continuum mechanics for finite element analysis}",
	year = {2000}}

@INPROCEEDINGS { ngan:fem:2008,
    AUTHOR = { Wai-Hin Ngan and John Lloyd },
    TITLE = { Efficient Deformable Body Simulation using Stiffness-Warped Nonlinear Finite Elements },
    BOOKTITLE = { Symposium on Interactive 3D Graphics and Games (i3D) },
    YEAR = { 2008 },
    MONTH = { Feb. },
    PAGES = { },
    NOTE = { poster },
}

@article{blemker:2005:muscle,
  title={Three-dimensional representation of complex muscle architectures and geometries},
  author={Blemker, Silvia S and Delp, Scott L},
  journal={Annals of biomedical engineering},
  volume={33},
  number={5},
  pages={661--673},
  year={2005},
  publisher={Springer}
}

@inproceedings{taubin1995curve,
  title={Curve and surface smoothing without shrinkage},
  author={Taubin, Gabriel},
  booktitle={Computer Vision, 1995. Proceedings., Fifth International Conference on},
  pages={852--857},
  year={1995},
  organization={IEEE}
}

@misc{FEBioTheory2018,
  author = {Maas, Steve and Rawlins, Dave and Weiss, Jeffrey and 
Ateshian, Gerard},
  title = {FEBio Theory Manual},
  Howpublished = {https://help.febio.org/FEBio/FEBio\_tm\_2\_7}
}

@article{MaasFEBio2012,
author = {Maas, Steve and J Ellis, 
Benjamin and A Ateshian, Gerard and Weiss, Jeffrey},
year = {2012},
month = {01},
pages = {011005},
title = {FEBio: Finite Elements for Biomechanics},
volume = {134},
journal = {Journal of biomechanical engineering},
doi = {10.1115/1.4005694}
}

@article{peck2000dynamic,
  title={Dynamic simulation of muscle and articular properties during human wide jaw opening},
  author={Peck, CC and Langenbach, GEJ and Hannam, AG},
  journal={Archives of Oral Biology},
  volume={45},
  number={11},
  pages={963--982},
  year={2000},
  publisher={Elsevier}
}

@article{millard2013flexing,
  title={Flexing computational muscle: modeling and simulation of musculotendon dynamics},
  author={Millard, Matthew and Uchida, Thomas and Seth, Ajay and Delp, Scott L},
  journal={Journal of biomechanical engineering},
  volume={135},
  number={2},
  year={2013},
  publisher={American Society of Mechanical Engineers Digital Collection}
}

@article{delp2007opensim,
  title={OpenSim: open-source software to create and analyze dynamic simulations of movement},
  author={Delp, Scott L and Anderson, Frank C and Arnold, Allison S and Loan, Peter and Habib, Ayman and John, Chand T and Guendelman, Eran and Thelen, Darryl G},
  journal={IEEE T Bio-Med Eng},
  volume={54},
  number={11},
  pages={1940--1950},
  year={2007},
  publisher={IEEE}
}

@inproceedings{servin2006interactive,
  title={Interactive simulation of elastic deformable materials},
  author={Servin, M. and Lacoursiere, C. and Melin, N.},
  booktitle={Proceedings of SIGRAD Conference 2006 in Sk{\"o}vde, Sweden},
  pages={22--32},
  year={2006}
}

@phdthesis{lacoursiere2007ghosts,
  title={Ghosts and machines: regularized variational methods for interactive simulations of multibodies with dry frictional contacts},
  author={Lacoursi{\`e}re, C.},
  year={2007},
  school={Ume{\aa} University, Department of Computing Science}
}

